@article{surfstokes,
	author = {Olshanskii, M. and Quaini, A. and Reusken, A. and Yushutin, V.},
	title = {A Finite Element Method for the Surface Stokes Problem},
	journal = {SIAM Journal on Scientific Computing},
	volume = {40},
	number = {4},
	pages = {A2492-A2518},
	year = {2018},
	doi = {10.1137/18M1166183},
	URL = {https://doi.org/10.1137/18M1166183},
	eprint = {https://doi.org/10.1137/18M1166183}
}

@ARTICLE{veclaplace,
	author = {{Jankuhn}, T. and {Reusken}, A.},
	title = "{Trace Finite Element Methods for Surface Vector-Laplace Equations}",
	journal = {arXiv e-prints},
	archivePrefix = "arXiv",
	eprint = {1904.12494},
	primaryClass = "math.NA",
	keywords = {Mathematics - Numerical Analysis, 65N30, 65N12, 65N15},
	year = 2019,
	month = apr,
	adsurl = {https://ui.adsabs.harvard.edu/abs/2019arXiv190412494J},
	adsnote = {Provided by the SAO/NASA Astrophysics Data System}
}
